
@book{baptist_een_2019,
  title = {Een natuurlijkere toekomst voor Nederland in 2120},
  author = {Baptist, Martin and family=Hattum, given=Tim, prefix=van, useprefix=true and Reinhard, Stein and family=Buuren, given=Michaël, prefix=van, useprefix=true and family=Rooij, given=Bertram, prefix=de, useprefix=true and Hu, Xiaolu and family=Rooij, given=Sabine, prefix=van, useprefix=true and Polman, Nico and family=Burg, given=Sander, prefix=van den, useprefix=true and Piet, Gerjan and Ysebaert, Tom and Walles, Brenda and Veraart, Jeroen and Wamelink, Wieger and Bregman, Bram and Bos, Bram and Selnes, Trond},
  date = {2019},
  publisher = {{Wageningen University \& Research}},
  doi = {10.18174/512240},
  url = {https://research.wur.nl/en/publications/een-natuurlijkere-toekomst-voor-nederland-in-2120-2},
  abstract = {Nederland staat voor grote opgaven: de energietransitie, verduurzaming van de landbouw, herstel van de biodiversiteit, verstedelijking en klimaatadaptatie. Al deze opgaven hebben gevolgen voor de ruimtelijke inrichting van ons land. Het is onvermijdelijk dat Nederland er over honderd jaar anders uit zal zien. Grote veranderingen zijn nodig om opgewassen te zijn tegen een stijgende zeespiegel, perioden van extreem weer, een toenemende vraag naar voedselproductie en een noodzaak om de uitstoot van broeikasgassen terug te dringen.Deze opgaven vragen om een nieuw verhaal voor Nederland. Een verhaal waarin dit dichtbevolkte land zich ontwikkelt tot een gidsland waar natuur, duurzame economie, leefbaarheid en veiligheid voorop staan. Een verhaal gebaseerd op ‘nature based solutions’ waarin opgaven voor klimaat en biodiversiteit hand in hand gaan.Wageningen University \& Research heeft dit verhaal geschreven gebaseerd op expertkennis: een toekomstvisie voor Nederland in 2120, waarin natuur en natuurlijke processen een hoofdrol spelen. Een visie die bedoeld is om te inspireren. Het schetst een toekomst waarin economische ontwikkeling en een natuur-inclusieve samenleving hand in hand gaan. De toekomstvisie houdt rekening met de bijzondere kenmerken van verschillende deelgebieden in Nederland. Door middel van kaarten en doorsnedes laten we op hoofdlijnen zien wat er per gebied mogelijk is op het gebied van ruimtelijke inrichting. Dit toekomstbeeld schetst een denkrichting gebaseerd op de uitkomsten van diverse ontwerp- en discussiesessies met onderzoekers. Er is behoefte aan nadere uitwerking en onderbouwing. Samen met stakeholders gaan we deze visie verder ontwikkelen, onderbouwen en vertalen naar handelingsperspectief voor het hier en nu.},
  langid = {dutch}
}

@article{chancel_post-growth_nodate,
  title = {A Post-Growth Society for the 21st Century},
  author = {Chancel, Lucas and Demailly, Damien and Waisman, Henri and Guivarch, Céline},
  pages = {76},
  langid = {english}
}

@article{chapman_unlocking_nodate,
  title = {{{UNLOCKING THE JOB POTENTIAL OF ZERO CARBON}}},
  author = {Chapman, Anne and Essex, Jonathan and Sims, Peter},
  pages = {40},
  abstract = {Methodology 12 2.1 Overview 12 2.2 Energy 14 2.3 Transport 17 2.4 Buildings 20 2.5 Reuse and recycling of waste 21 2.6 Sustainable agriculture and forestry (in the UK only) 22 3.
Results of UK modelling 24 3.1 Overview 24 3.2 Energy sector results 25 3.3 Transport sector results 26 3.4 Buildings sector results 26 3.5 Waste sector results 27 3.6 Agriculture and forestry sector results 27 4. Hungary jobs modelling and results 28 4.1 Overview 28 4.2 Energy Sector 29 4.3 Transport Sector 30 4.4 Buildings Sector 31 4.5 Waste Sector 32 5. Ireland jobs modelling and results 33 5.1 Overview 33 5.2 Energy Sector 33 5.3 Transport Sector 34 5.4 Buildings Sector 34 5.5 Waste Sector 34 6.
Conclusions},
  langid = {english}
}

@article{jackson_zero_2019,
  title = {Zero {{Carbon Sooner}}—{{The}} Case for an Early Zero Carbon Target for the {{UK}}.},
  author = {Jackson, Tim},
  date = {2019-07},
  journaltitle = {CUSP Working Paper},
  volume = {18},
  pages = {12},
  abstract = {This briefing paper addresses the question of when the UK should aim for zero (or net zero) carbon emissions. Starting from the global carbon budget which would allow the world an estimated 66\% chance of limiting climate warming to 1.5o C, the paper derives a carbon budget for the UK of 2.5 GtCO2. The briefing then analyses a variety of emission pathways and target dates in terms of their adequacy for remaining within this budget. A key finding is that a target date for zero carbon is not sufficient to determine whether the UK remains within its carbon budget. Policy must specify both a target date and an emissions pathway. For a linear reduction pathway not to exceed the carbon budget the target year would have to be 2025. Nonlinear pathways, such as those with constant percentage reduction rates, have a higher chance of remaining within the available budget provided that the reduction starts early enough and the reduction rate is high enough. It is notable that reduction rates high enough both to lead to zero carbon (on a consumption basis) by 2050 and to remain within the carbon budget require absolute reductions of more than 95\% of carbon emissions as early as 2030. On this basis, the paper argues in favour of setting a UK target for net zero carbon emissions by 2030 or earlier, with a maximum of 5\% emissions addressed through negative emission technologies.},
  langid = {english}
}

@book{kapoor_funding_2011,
  title = {Funding the {{Green New Deal}}: {{Building}} a {{Green Financial System}}},
  author = {Kapoor, Sony and Hogarth, Ryan},
  date = {2011-05},
  volume = {6},
  publisher = {{Green European Foundation}},
  langid = {english},
  pagetotal = {138},
  series = {Green {{New Deal Series}}}
}

@article{kraan_why_2019,
  title = {Why Fully Liberalised Electricity Markets Will Fail to Meet Deep Decarbonisation Targets Even with Strong Carbon Pricing},
  author = {Kraan, Oscar and Kramer, Gert Jan and Nikolic, Igor and Chappin, Emile and Koning, Vinzenz},
  date = {2019-08},
  journaltitle = {Energy Policy},
  shortjournal = {Energy Policy},
  volume = {131},
  pages = {99--110},
  issn = {03014215},
  doi = {10.1016/j.enpol.2019.04.016},
  url = {https://linkinghub.elsevier.com/retrieve/pii/S0301421519302551},
  urldate = {2020-04-27},
  abstract = {Full decarbonisation of the electricity system is one of the key elements to limit global warming. As this transition takes place, the electricity system must maintain system adequacy and remain affordable to consumers. In liberalised electricity markets investors are seen as key actors driving this transition.},
  langid = {english}
}

@article{lechtenbohmer_integrated_nodate,
  title = {An {{Integrated Climate}}-{{Industrial Policy}} as the {{Core}} of the {{European Green Deal}}},
  author = {Lechtenböhmer, Stefan and Fischedick, Manfred},
  pages = {8},
  langid = {english}
}

@article{mendel_naar_nodate,
  title = {Naar een Deltaplan Klimaatsteun},
  author = {Mendel, Gideon},
  pages = {23},
  langid = {dutch}
}

@article{mitchell_city_nodate,
  title = {The {{City}} of {{San Francisco}}, {{CA Climate Mobilization}}},
  author = {Mitchell, John},
  pages = {44},
  langid = {english}
}

@article{moser_what_2016,
  title = {What Does the {{Paris Agreement}} Mean for Climate Policy in the {{Netherlands}}?},
  author = {Moser, Eva},
  date = {2016},
  pages = {32},
  langid = {english}
}

@article{salamon_leading_nodate,
  title = {Leading the {{Public}} into {{Emergency Mode}}},
  author = {Salamon, Margaret Klein},
  pages = {51},
  langid = {english}
}

@report{secretary_generals_advisory_group_on_a_new_growth_narrative_beyond_2019,
  title = {Beyond {{Growth}}: {{Towards}} a {{New Economic Approach}}},
  author = {{Secretary General’s Advisory Group on a New Growth Narrative}},
  date = {2019-09-12},
  url = {https://www.oecd.org/officialdocuments/publicdisplaydocumentpdf/?cote=SG/NAEC(2019)3&docLanguage=En},
  urldate = {2020-04-28},
  abstract = {This draft report of the Secretary General’s Advisory Group Beyond Growth: Towards a New Economic Approachsets out a new set of goals and measures of economic and social progress; new frameworks of economic analysis; and new kinds of policies.The report discusses the nature of the profound issues policymakers now face and whether the progress in analysis and policy advice since the onset of the Global Financial Crisis has gone far enough or is still too anchored in the basic historical premisesof economic theory.}
}

@book{united_nations_environment_programme_emissions_2019,
  title = {The Emissions Gap Report 2019},
  author = {{United Nations Environment Programme}},
  date = {2019},
  url = {https://www.unenvironment.org/resources/emissions-gap-report-2019},
  urldate = {2020-04-27},
  isbn = {978-92-807-3766-0},
  langid = {english},
  note = {OCLC: 1129598239}
}


